@Misc{debpopcon,
key = {debpopcon},
author = {Debian},
title = {Debain Popularity Contest},
howpublished = {http://popcon.debian.org/}
}

@Misc{nuget,
key = {nuget},
author = {Microsoft},
title = {NuGet Package Manager},
howpublished = {https://www.nuget.org/}
}

@Misc{concierge,
key = {concierge},
author = {Microsoft},
title = {NuGet Concierge},
howpublished = {http://blog.nuget.org/20130816/introducung-nuget-concierge.html}
}

@Misc{wizofoz,
key = {wizofoz},
author = {J.F.Kelley},
title = {Wizard of Oz User Evaluation Method},
howpublished = {http://www.usabilitybok.org/wizard-of-oz}
}
